
@article{ma_tutorial,
	title = {A {Tutorial} on {AMP} and {State} {Evolution}},
	language = {en},
	author = {Ma, Junjie},
	year = {2019},
	file = {PDF:C\:\\Users\\WuRuilin\\Zotero\\storage\\JK6TNEDK\\Ma - 2019 - A Tutorial on AMP and State Evolution.pdf:application/pdf},
}
